@article{Arthur:2006a,
  Adsurl =	 {http://adsabs.harvard.edu/abs/2006ApJS..165..283A},
  Arxivurl =	 {http://arXiv.org/abs/astro-ph/0511035},
  Author =	 {{Arthur}, S.~J. and {Hoare}, M.~G.},
  Doi =		 {10.1086/503899},
  Eprint =	 {arXiv:astro-ph/0511035},
  Journal =	 {\apjs},
  Keywords =	 {ISM: H II Regions, ISM: Kinematics and Dynamics,
                  Shock Waves, Stars: Formation, Stars: Winds,
                  Outflows},
  Month =	 jul,
  Pages =	 {283-306},
  Title =	 {{Hydrodynamics of Cometary Compact H II Regions}},
  Volume =	 165,
  Year =	 2006
}


@article{Baldwin:1991a,
  Author =	 {{Baldwin}, J.~A. and {Ferland}, G.~J. and {Martin},
                  P.~G. and {Corbin}, M.~R. and {Cota}, S.~A. and
                  {Peterson}, B.~M. and {Slettebak}, A.},
  Journal =	 {\apj},
  Month =	 jun,
  Pages =	 {580-609},
  Adsurl =	 {https://ui.adsabs.harvard.edu/abs/1991ApJ...374..580B},
  Doi =		 {10.1086/170146},
  Title =	 {{Physical conditions in the Orion Nebula and an
                  assessment of its helium abundance}},
  Volume =	 374,
  Year =	 1991
}



@article{Lazarian:2019a,
  Adsurl =
                  {https://ui.adsabs.harvard.edu/abs/2019ApJ...883..122L},
  Archiveprefix ={arXiv},
  Author =	 {{Lazarian}, A. and {Hoang}, Thiem},
  Doi =		 {10.3847/1538-4357/ab3d39},
  Eid =		 122,
  Eprint =	 {1810.10686},
  Journal =	 {\apj},
  Month =	 {Oct},
  Number =	 2,
  Pages =	 122,
  Title =	 {{Magnetic Properties of Dust Grains, Effect of
                  Precession, and Radiative Torque Alignment}},
  Volume =	 883,
  Year =	 2019
}


@article{Alarie:2019a,
  Adsurl =
                  {https://ui.adsabs.harvard.edu/abs/2019RMxAA..55..377A},
  Archiveprefix ={arXiv},
  Author =	 {{Alarie}, A. and {Morisset}, C.},
  Doi =		 {10.22201/ia.01851101p.2019.55.02.21},
  Eprint =	 {1908.08579},
  Journal =	 {\rmxaa},
  Month =	 {Oct},
  Pages =	 {377-394},
  Title =	 {{Extensive Online Shock Model Database}},
  Volume =	 55,
  Year =	 2019
}


@article{Stromgren:1939a,
  Adsurl =
                  {https://ui.adsabs.harvard.edu/abs/1939ApJ....89..526S},
  Author =	 {{Str√∂mgren}, B.},
  Journal =	 {\apj},
  Month =	 may,
  Pages =	 {526-+},
  Title =	 {{The Physical State of Interstellar Hydrogen.}},
  Volume =	 89,
  Year =	 1939
}


@article{Chau-Giang:2019a,
  Adsurl =
                  {https://ui.adsabs.harvard.edu/abs/2019arXiv190611498C},
  Archiveprefix ={arXiv},
  Author =	 {{Chau Giang}, Nguyen and {Hoang}, Thiem and {Tram},
                  Le Ngoc},
  Eid =		 {arXiv:1906.11498},
  Eprint =	 {1906.11498},
  Journal =	 {arXiv e-prints},
  Month =	 {Jun},
  Title =	 {{Time-Varying Extinction, Polarization, and Colors
                  of Type Ia Supernovae due to Rotational Disruption
                  of Dust Grains}},
  Year =	 2019
}


@phdthesis{Kaplan:2017b,
  Adsurl =
                  {https://ui.adsabs.harvard.edu/abs/2017PhDT........56K},
  Author =	 {{Kaplan}, Kyle Franklin},
  Month =	 {Aug},
  School =	 {The University of Texas at Austin},
  Title =	 {{Probing Conditions at Ionized/Molecular Gas
                  Interfaces With High Resolution Near-Infrared
                  Spectroscopy}},
  Year =	 2017
}

@PROCEEDINGS{2002RMxAC..13.....H,
  title =	 "{Emission lines from jet flows}",
  keywords =	 {EMISSION LINES, JETS, PLANETARY NEBULAE, YOUNG
                  STARS},
  booktitle =	 {Revista Mexicana de Astronomia y Astrofisica
                  Conference Series},
  editor =	 {William J. Henney and Wolfgang Steffen and Luc
                  Binette and Alejandro Raga},
  year =	 2002,
  series =	 {Revista Mexicana de Astronomia y Astrofisica
                  Conference Series},
  volume =	 13,
  month =	 "Jun",
  adsurl =
                  {https://ui.adsabs.harvard.edu/abs/2002RMxAC..13.....H},
  adsnote =	 {Provided by the SAO/NASA Astrophysics Data System}
}



@phdthesis{Brookes:2016a,
  Adsurl =	 {http://adsabs.harvard.edu/abs/2016PhDT........76B},
  Author =	 {{Brookes}, D.~P.},
  Doi =		 {10.5281/zenodo.60136},
  Keywords =	 {Astronomy, Astrophysics, Stars: Wolf-Rayet,
                  Binaries: General, Stars: Individual: WR 147, Stars:
                  Individual: WR 146, Stars: Individual: BD+43 3654,
                  Radio Continuum},
  School =	 {University of Birmingham, United Kingdom},
  Title =	 {{Interferometric Radio Observations of the
                  Interactive Winds of Massive Stars}},
  Year =	 2016
}


@misc{Jones:2001a,
  Author =	 {Eric Jones and Travis Oliphant and Pearu Peterson
                  and others},
  Date-Added =	 {2017-11-17 04:18:33 +0000},
  Date-Modified ={2017-11-17 04:18:42 +0000},
  Note =	 {[Online; accessed <today>]},
  Title =	 {{SciPy}: Open source scientific tools for {Python}},
  Url =		 {http://www.scipy.org/},
  Year =	 {2001--}
}
